@article{data,
 author = {Haas, L. M. and Lin, E. T. and Roth, M. A.},
 title = {Data integration through database federation},
 journal = {IBM Syst. J.},
 volume = {41},
 number = {4},
 year = {2002},
 pages = {578--596},
 publisher = {IBM Corp.},
 address = {Riverton, NJ, USA}
}

@book{Hennessy:2011:CAF:1999263,
 author = {Hennessy, John L. and Patterson, David A.},
 title = {Computer Architecture, Fifth Edition: A Quantitative Approach},
 year = {2011},
 isbn = {012383872X, 9780123838728},
 edition = {5th},
 publisher = {Morgan Kaufmann Publishers Inc.},
 address = {San Francisco, CA, USA},
} 
